@techreport{noauthor_iso_nodate,
	title = {{ISO} 12234-2:2001 {Electronic} still-picture imaging -- {Removable} memory -- {Part} 2: {TIFF}/{EP} image data format}
}