@misc{noauthor_raster_2015,
	title = {Raster {Still} {Images} -- {TIFF} {Image} {File} {Format} -- {Categorization}/{Functionality}: consultancy report for {Harvard} {Library}},
	month = jun,
	year = {2015}
}